@article{tian2022comprehensive,
  title={A comprehensive survey on poisoning attacks and countermeasures in machine learning},
  author={Tian, Zhiyi and Cui, Lei and Liang, Jie and Yu, Shui},
  journal={ACM Computing Surveys},
  volume={55},
  number={8},
  pages={1--35},
  year={2022},
  publisher={ACM New York, NY}
}

@inproceedings{deng2009imagenet,
  title={Imagenet: A large-scale hierarchical image database},
  author={Deng, Jia and Dong, Wei and Socher, Richard and Li, Li-Jia and Li, Kai and Fei-Fei, Li},
  booktitle={2009 IEEE conference on computer vision and pattern recognition},
  pages={248--255},
  year={2009},
  organization={Ieee}
}

@article{liu2021self,
  title={Self-supervised learning: Generative or contrastive},
  author={Liu, Xiao and Zhang, Fanjin and Hou, Zhenyu and Mian, Li and Wang, Zhaoyu and Zhang, Jing and Tang, Jie},
  journal={IEEE transactions on knowledge and data engineering},
  volume={35},
  number={1},
  pages={857--876},
  year={2021},
  publisher={IEEE}
}

@article{jaiswal2020survey,
  title={A survey on contrastive self-supervised learning},
  author={Jaiswal, Ashish and Babu, Ashwin Ramesh and Zadeh, Mohammad Zaki and Banerjee, Debapriya and Makedon, Fillia},
  journal={Technologies},
  volume={9},
  number={1},
  pages={2},
  year={2020},
  publisher={MDPI}
}

@article{ramachandram2017deep,
  title={Deep multimodal learning: A survey on recent advances and trends},
  author={Ramachandram, Dhanesh and Taylor, Graham W},
  journal={IEEE signal processing magazine},
  volume={34},
  number={6},
  pages={96--108},
  year={2017},
  publisher={IEEE}
}

@inproceedings{radford2021learning,
  title={Learning transferable visual models from natural language supervision},
  author={Radford, Alec and Kim, Jong Wook and Hallacy, Chris and Ramesh, Aditya and Goh, Gabriel and Agarwal, Sandhini and Sastry, Girish and Askell, Amanda and Mishkin, Pamela and Clark, Jack and others},
  booktitle={International conference on machine learning},
  pages={8748--8763},
  year={2021},
  organization={PMLR}
}

@article{chen2017targeted,
  title={Targeted backdoor attacks on deep learning systems using data poisoning},
  author={Chen, Xinyun and Liu, Chang and Li, Bo and Lu, Kimberly and Song, Dawn},
  journal={arXiv preprint arXiv:1712.05526},
  year={2017}
}

@inproceedings{carlini2024poisoning,
  title={Poisoning web-scale training datasets is practical},
  author={Carlini, Nicholas and Jagielski, Matthew and Choquette-Choo, Christopher A and Paleka, Daniel and Pearce, Will and Anderson, Hyrum and Terzis, Andreas and Thomas, Kurt and Tram{\`e}r, Florian},
  booktitle={2024 IEEE Symposium on Security and Privacy (SP)},
  pages={407--425},
  year={2024},
  organization={IEEE}
}

@article{yang2023better,
  title={Better safe than sorry: Pre-training clip against targeted data poisoning and backdoor attacks},
  author={Yang, Wenhan and Gao, Jingdong and Mirzasoleiman, Baharan},
  journal={arXiv preprint arXiv:2310.05862},
  year={2023}
}

@article{xian2018zero,
  title={Zero-shot learningâ€”a comprehensive evaluation of the good, the bad and the ugly},
  author={Xian, Yongqin and Lampert, Christoph H and Schiele, Bernt and Akata, Zeynep},
  journal={IEEE transactions on pattern analysis and machine intelligence},
  volume={41},
  number={9},
  pages={2251--2265},
  year={2018},
  publisher={IEEE}
}

@article{wang2016comprehensive,
  title={A comprehensive survey on cross-modal retrieval},
  author={Wang, Kaiye and Yin, Qiyue and Wang, Wei and Wu, Shu and Wang, Liang},
  journal={arXiv preprint arXiv:1607.06215},
  year={2016}
}

@article{chavez2001searching,
  title={Searching in metric spaces},
  author={Ch{\'a}vez, Edgar and Navarro, Gonzalo and Baeza-Yates, Ricardo and Marroqu{\'\i}n, Jos{\'e} Luis},
  journal={ACM computing surveys (CSUR)},
  volume={33},
  number={3},
  pages={273--321},
  year={2001},
  publisher={ACM New York, NY, USA}
}

@article{oord2018representation,
  title={Representation learning with contrastive predictive coding},
  author={Oord, Aaron van den and Li, Yazhe and Vinyals, Oriol},
  journal={arXiv preprint arXiv:1807.03748},
  year={2018}
}

@inproceedings{schroff2015facenet,
  title={Facenet: A unified embedding for face recognition and clustering},
  author={Schroff, Florian and Kalenichenko, Dmitry and Philbin, James},
  booktitle={Proceedings of the IEEE conference on computer vision and pattern recognition},
  pages={815--823},
  year={2015}
}

@article{han2021transformer,
  title={Transformer in transformer},
  author={Han, Kai and Xiao, An and Wu, Enhua and Guo, Jianyuan and Xu, Chunjing and Wang, Yunhe},
  journal={Advances in neural information processing systems},
  volume={34},
  pages={15908--15919},
  year={2021}
}

@inproceedings{he2016identity,
  title={Identity mappings in deep residual networks},
  author={He, Kaiming and Zhang, Xiangyu and Ren, Shaoqing and Sun, Jian},
  booktitle={Computer Vision--ECCV 2016: 14th European Conference, Amsterdam, The Netherlands, October 11--14, 2016, Proceedings, Part IV 14},
  pages={630--645},
  year={2016},
  organization={Springer}
}

@article{vaswani2017attention,
  title={Attention is all you need},
  author={Vaswani, A},
  journal={Advances in Neural Information Processing Systems},
  year={2017}
}

@inproceedings{sharma2018conceptual,
  title={Conceptual captions: A cleaned, hypernymed, image alt-text dataset for automatic image captioning},
  author={Sharma, Piyush and Ding, Nan and Goodman, Sebastian and Soricut, Radu},
  booktitle={Proceedings of the 56th Annual Meeting of the Association for Computational Linguistics (Volume 1: Long Papers)},
  pages={2556--2565},
  year={2018}
}

@inproceedings{lindsay1995mixture,
  title={Mixture models: theory, geometry, and applications},
  author={Lindsay, Bruce G},
  year={1995},
  organization={Ims}
}

@article{moon1996expectation,
  title={The expectation-maximization algorithm},
  author={Moon, Todd K},
  journal={IEEE Signal processing magazine},
  volume={13},
  number={6},
  pages={47--60},
  year={1996},
  publisher={IEEE}
}

@article{reynolds2009gaussian,
  title={Gaussian mixture models.},
  author={Reynolds, Douglas A and others},
  journal={Encyclopedia of biometrics},
  volume={741},
  number={659-663},
  year={2009},
  publisher={Berlin, Springer}
}

@article{carlini2021poisoning,
  title={Poisoning and backdooring contrastive learning},
  author={Carlini, Nicholas and Terzis, Andreas},
  journal={arXiv preprint arXiv:2106.09667},
  year={2021}
}

@article{yang2023robust,
  title={Robust contrastive language-image pretraining against adversarial attacks},
  author={Yang, Wenhan and Mirzasoleiman, Baharan},
  journal={arXiv preprint arXiv:2303.06854},
  volume={1},
  number={3},
  year={2023}
}